<record><leader>00000cas a22000007a 4500</leader><controlfield tag="001">24904474</controlfield><controlfield tag="008">911206d1923192uaruwr ne      0    0eng d</controlfield><datafield ind1=" " ind2=" " tag="010"><subfield code="a">sn 91050205 </subfield></datafield><datafield ind1=" " ind2=" " tag="040"><subfield code="a">ANU</subfield><subfield code="b">eng</subfield><subfield code="c">ANU</subfield><subfield code="d">OCLCQ</subfield><subfield code="d">OCLCO</subfield></datafield><datafield ind1="1" ind2=" " tag="029"><subfield code="a">AU@</subfield><subfield code="b">000025861234</subfield></datafield><datafield ind1=" " ind2=" " tag="042"><subfield code="a">msc</subfield></datafield><datafield ind1=" " ind2=" " tag="043"><subfield code="a">n-us-ar</subfield></datafield><datafield ind1="0" ind2="4" tag="245"><subfield code="a">The Marmaduke news.</subfield></datafield><datafield ind1=" " ind2=" " tag="260"><subfield code="a">Marmaduke, Ark. :</subfield><subfield code="b">O.G. Bratcher</subfield></datafield><datafield ind1=" " ind2=" " tag="300"><subfield code="a">v.</subfield></datafield><datafield ind1=" " ind2=" " tag="310"><subfield code="a">Weekly</subfield></datafield><datafield ind1="1" ind2=" " tag="362"><subfield code="a">Began in 1923.</subfield></datafield><datafield ind1=" " ind2=" " tag="588"><subfield code="a">Description based on: Vol. ?, no. 46 (May 31, 1923).</subfield></datafield><datafield ind1=" " ind2="0" tag="651"><subfield code="a">Marmaduke (Ark.)</subfield><subfield code="v">Newspapers.</subfield></datafield><datafield ind1=" " ind2=" " tag="752"><subfield code="a">United States</subfield><subfield code="b">Arkansas</subfield><subfield code="c">Greene</subfield><subfield code="d">Marmaduke.</subfield></datafield></record>